@inbook{Levenshtein,
	author="Левенштейн, В. И.",
	title="Двоичные коды с исправлением выпадений, вставок и замещений символов",
	publisher="-- М.: Доклады АН СССР",
	volume=163,
	chapter=4,
	pages="845--848",
	language="russian",
	year=1965
}

@misc{python-lang,
	title="Welcome to Python [Электронный ресурс]",
	howpublished=" \url{https://www.python.org} "
}

@misc{python-lang-time,
	title="time — Time access and conversions [Электронный ресурс]",
	howpublished=" \url{https://docs.python.org/3/library/time.html#functions} "
}


@misc{windows,
	title="Microsoft.com [Электронный ресурс]",
	howpublished=" \url{https://www.microsoft.com/ru-ru/software-download/windows10} "
}


@misc{intel,
	title="Intel(R) Core(TM) i5-12400 [Электронный ресурс]",
	howpublished=" \url{https://www.intel.com/content/www/us/en/support/ru-banner-inside.html?wapkw=12400f} "
}

