@misc{virt,
		title="Н.Вирт Алгоритмы и структуры данных",
		year=1989
}

@misc{model,
		title="М. В. Ульянов Ресурсно-эффективные компьютерные алгоритмы. Разработка и анализ.",
		year=2007
}

@misc{alg,
		title="Д. А. Погорелов, А. М. Таразанов Оптимизация классического алгоритма Винограда для перемножения матриц.",
		year=2019
}


@misc{python,
	title="Welcome to Python [Электронный ресурс]", year=2023,
	howpublished="Режим доступа: \url{https://www.python.org} (дата обращения: 22.10.2023)"
}

@misc{python-time,
	title="time — Time access and conversions [Электронный ресурс]", year=2023, 
	howpublished="Режим доступа: \url{https://docs.python.org/3/library/time.html#functions} (дата обращения: 22.10.2023)"
}


