@misc{proc-time,
	title="std::chrono::system\_clock::now [Электронный ресурс]",
	howpublished="Режим доступа: \url{https://en.cppreference.com/w/cpp/chrono/system_clock/now} (дата обращения: 06.01.2024)"
}

@misc{conveyor,
	title="Конвейерная обработка данных [Электронный ресурс]",
	howpublished="Режим доступа: \url{https://studref.com/636041/ekonomika/konveyernaya_obrabotka_dannyh} (дата обращения: 06.01.2024)"
}

