
@misc{python,
	title="Welcome to Python [Электронный ресурс]",
	howpublished="Режим доступа: \url{https://www.python.org}"
}

@misc{python-time,
	title="time — Time access and conversions [Электронный ресурс]",
	howpublished="Режим доступа: \url{https://docs.python.org/3/library/time.html#functions}"
}

@misc{beads,
	title="Bead-sort: A natural sorting algorithm  [Электронный ресурс]",
	howpublished="Режим доступа: \url{https://www.researchgate.net/publication/37987842_Bead--Sort_A_Natural_Sorting_Algorithm}"
}


