@misc{minor,
	title="Minor - Encyclopedia of Mathematics [Электронный ресурс]",
	howpublished="Режим доступа: \url{https://encyclopediaofmath.org/index.php?title=Minor&oldid=30176} (дата обращения: 05.01.2024)"
}

@misc{thread,
	title="thread Class [Электронный ресурс]",
	howpublished="Режим доступа: \url{https://learn.microsoft.com/en-us/cpp/standard-library/thread-class?view=msvc-170} (дата обращения: 05.01.2024)"
}

