@misc{virt,
		title="Н.Вирт Алгоритмы и структуры данных",
		year=1989
}

@misc{model,
		title="М. В. Ульянов Ресурсно-эффективные компьютерные алгоритмы. Разработка и анализ.",
		year=2007
}

@misc{book,
		title="Е. И. Большакова АВТОМАТИЧЕСКАЯ ОБРАБОТКА ТЕКСТОВ НА ЕСТЕСТВЕННОМ ЯЗЫКЕ И КОМПЬЮТЕРНАЯ ЛИНГВИСТИКА.",
		year=2011
}


@misc{python,
	title="Welcome to Python [Электронный ресурс]", year=2023,
	howpublished="Режим доступа: \url{https://www.python.org} (дата обращения: 22.12.2023)"
}

@misc{python-time,
	title="time — Time access and conversions [Электронный ресурс]", year=2023, 
	howpublished="Режим доступа: \url{https://docs.python.org/3/library/time.html#functions} (дата обращения: 22.12.2023)"
}


