@misc{task,
	title="Что такое «задача коммивояжёра» [Электронный ресурс]",
	howpublished="Режим доступа: \url{https://thecode.media/komm/} (дата обращения: 18.12.2023)"
}

@misc{evr,
	title="Эвристический алгоритм классификации и его нейросетевая интерпретация [Электронный ресурс]",
	howpublished="Режим доступа: \url{https://cyberleninka.ru/article/n/evristicheskiy-algoritm-klassifikatsii-i-ego-neyrosetevaya-interpretatsiya} (дата обращения: 18.12.2023)"
}

@misc{model,
	title="Задача коммивояжера - метод ветвей и границ",
	howpublished="Режим доступа: \url{http://galyautdinov.ru/post/zadacha-kommivoyazhera} (дата обращения: 18.12.2023)"
}

@misc{ant,
		title="М.В. Ульянов Ресурсно-эффективные компютерные алгоритмы. Разработка и анализ",
		year=2007
}

@misc{alg,
		title="Д. А. Погорелов, А. М. Таразанов Оптимизация классического алгоритма Винограда для перемножения матриц.",
		year=2019
}


@misc{python,
	title="Welcome to Python [Электронный ресурс]",
	howpublished="Режим доступа: \url{https://www.python.org} (дата обращения: 20.12.2023)"
}

@misc{python-time,
	title="time — Time access and conversions [Электронный ресурс]",
	howpublished="Режим доступа: \url{https://docs.python.org/3/library/time.html#functions} (дата обращения: 18.12.2023)"
}

@article{elite-ants-alg,
	author = {Коцюбинская~С.~А.},
	title = {Задача глобальной оптимизации. Муравьиный алгоритм},
	journaltitle = {Modern Science},
	year = {2020},
	pages = {537-540},
	edn = {VGFQQE}
}


